<?xml version="1.0" encoding="UTF-8"?><collection xmlns="http://www.loc.gov/MARC21/slim"><record><leader>00439nam--2200133-i-4500</leader><controlfield tag="001">000006068</controlfield><controlfield tag="002">20161230</controlfield><controlfield tag="005">20170211154523</controlfield><controlfield tag="008">060222s1000------------r-----000-0-eng-d</controlfield><datafield ind1=" " ind2=" " tag="245"><subfield code="a">Automatic and remote control. Proceedings of the international congress of the internationa l federation of automatic control, Moscow,1960</subfield></datafield><datafield ind1=" " ind2=" " tag="260"><subfield code="a">London</subfield><subfield code="b">Butterworths</subfield><subfield code="c">1961</subfield></datafield><datafield ind1=" " ind2=" " tag="300"><subfield code="a">4 Volume</subfield></datafield><datafield ind1=" " ind2=" " tag="700"><subfield code="a">Coales, J. F</subfield></datafield><datafield ind1=" " ind2=" " tag="CAT"><subfield code="a">SYS</subfield><subfield code="c">20170211</subfield><subfield code="h">154523</subfield></datafield></record></collection>